<record xmlns:xsi="http://www.w3.org/2001/XMLSchema-instance" xmlns="http://www.loc.gov/MARC21/slim" xsi:schemaLocation="http://www.loc.gov/MARC21/slim http://www.loc.gov/standards/marcxml/schema/MARC21slim.xsd">

  <leader>00497nam a2200157Ia 4500</leader>
  <datafield ind2=" " tag="999" ind1=" ">
    <subfield code="c">1172</subfield>
    <subfield code="d">1172</subfield>
  </datafield>
  <controlfield tag="008">170328b1979    us ||||| |||| 00| | en  d</controlfield>
  <datafield ind1=" " ind2=" " tag="090">
    <subfield code="a">371.260.16 </subfield>
    <subfield code="b">H939s</subfield>
  </datafield>
  <datafield ind1="1" tag="100" ind2=" ">
    <subfield code="a">Hunt, Barbara</subfield>
    <subfield code="9">2641</subfield>
  </datafield>
  <datafield tag="245" ind2="0" ind1="1">
    <subfield code="a">Sex Bias in testing</subfield>
  </datafield>
  <datafield ind1=" " tag="260" ind2=" ">
    <subfield code="a">New Jersey, Estados unidos : </subfield>
    <subfield code="b">ERIC Clearinghouse on Tests Measurement Evaluation Educational Testing Servi, </subfield>
    <subfield code="c">1979</subfield>
  </datafield>
  <datafield ind2=" " tag="300" ind1=" ">
    <subfield code="a">85 páginas</subfield>
  </datafield>
  <datafield ind1="1" tag="650" ind2="4">
    <subfield code="a">BIBLIOGRAFÍAS </subfield>
    <subfield code="9">1485</subfield>
  </datafield>
  <datafield ind2="4" tag="650" ind1="1">
    <subfield code="a">EVALUACIÓN </subfield>
    <subfield code="9">287</subfield>
  </datafield>
  <datafield ind2="4" tag="650" ind1="1">
    <subfield code="a">EDUCACIÓN</subfield>
    <subfield code="9">1</subfield>
  </datafield>
  <datafield ind2=" " tag="942" ind1=" ">
    <subfield code="2">z</subfield>
    <subfield code="c">01</subfield>
  </datafield>
</record>